% ....názov súboru je: literatura.bib

@article{article1,
author = {Ruiz-del-Solar, Javier and Verschae, Rodrigo and Correa, Mauricio},
year = {2009},
month = {12},
pages = {},
title = {Recognition of Faces in Unconstrained Environments: A Comparative Study},
volume = {2009},
journal = {EURASIP journal on advances in signal processing},
doi = {10.1155/2009/184617}
}


@misc{Ban1,
	author = "Jozef Ban",
	title = "Autoreferát dizertačnej práce: Rozpoznávanie ľudských tvárí",
	institution = "Fakulta elektrotechniky a informatiky, Slovenská technická univerzita v Bratislave",
	address = "Bratislava, Slovensko",
	month = sep,
	year = 2014,
}

